@article{Doe1992,
author = {Doe, John},
doi = {10.1080/00031305.1992.10475879},
issn = {0003-1305},
journal = {The Scientific Journal},
month = aug,
number = {3},
pages = {175--185},
title = {{Some example article}},
volume = {46},
year = {1992}
}